@ONLINE{cs296_21:1,
Author = "wikipedia",
link = "http://en.wikipedia.org/wiki/Pinball",
}

@ONLINE{cs296_21:2,
Author = "pinballzone",
link = "http://www.thepinballzone.net/games/online-pinball",
}

@ONLINE{cs296_21:3,
Author = "iforce2d",
link = "http://www.iforce2d.net/",
}

@manual{book1,
Author = "Erin Catto ",
title = "Box2D v2.3.0 User Manual ",
year = " 2007-2013 ",
link = "http://box2d.org/manual.pdf",
}
